@article{goel2010assessing,
  title={Assessing respondent-driven sampling},
  author={Goel, Sharad and Salganik, Matthew J},
  journal={Proceedings of the National Academy of Sciences},
  volume={107},
  number={15},
  pages={6743--6747},
  year={2010},
  publisher={National Acad Sciences}
}

@article{goel2009respondent,
  title={Respondent-driven sampling as Markov chain Monte Carlo},
  author={Goel, Sharad and Salganik, Matthew J},
  journal={Statistics in medicine},
  volume={28},
  number={17},
  pages={2202--2229},
  year={2009},
  publisher={Wiley Online Library}
}

@article{salganik2004sampling,
  title={Sampling and estimation in hidden populations using respondent-driven sampling},
  author={Salganik, Matthew J and Heckathorn, Douglas D},
  journal={Sociological methodology},
  volume={34},
  number={1},
  pages={193--240},
  year={2004},
  publisher={Wiley Online Library}
}

@article{gjoka2009walk,
  title={A walk in facebook: Uniform sampling of users in online social networks},
  author={Gjoka, Minas and Kurant, Maciej and Butts, Carter T and Markopoulou, Athina},
  journal={arXiv preprint arXiv:0906.0060},
  year={2009}
}

@article{gile2010respondent,
  title={RESPONDENT-DRIVEN SAMPLING: AN ASSESSMENT OF CURRENT METHODOLOGY},
  author={Gile, Krista J and Handcock, Mark S},
  journal={Sociological methodology},
  volume={40},
  number={1},
  pages={285--327},
  year={2010},
  publisher={Wiley Online Library}
}

@article{christakis2007spread,
  title={The spread of obesity in a large social network over 32 years},
  author={Christakis, Nicholas A and Fowler, James H},
  journal={New England journal of medicine},
  volume={357},
  number={4},
  pages={370--379},
  year={2007},
  publisher={Mass Medical Soc}
}

@article{pollard2013adolescent,
  title={Adolescent Friendship Networks and Trajectories of Binge Drinking},
  author={Pollard, Michael and Green, Harold D and Kennedy, David P and Go, Myong-Hyun and Tucker, Joan S},
  year={2013},
  publisher={RAND Working Paper Series WR-998}
}

@article{ramirez2005networks,
  title={From networks to populations: the development and application of respondent-driven sampling among IDUs and Latino gay men},
  author={Ramirez-Valles, Jesus and Heckathorn, Douglas D and V{\'a}zquez, Raquel and Diaz, Rafael M and Campbell, Richard T},
  journal={AIDS and Behavior},
  volume={9},
  number={4},
  pages={387--402},
  year={2005},
  publisher={Springer}
}

@article{musyoki2015prevalence,
  title={Prevalence of HIV, Sexually Transmitted Infections, and Risk Behaviours Among Female Sex Workers in Nairobi, Kenya: Results of a Respondent Driven Sampling Study},
  author={Musyoki, Helgar and Kellogg, Timothy A and Geibel, Scott and Muraguri, Nicholas and Okal, Jerry and Tun, Waimar and Raymond, H Fisher and Dadabhai, Sufia and Sheehy, Meredith and Kim, Andrea A},
  journal={AIDS and Behavior},
  volume={19},
  number={1},
  pages={46--58},
  year={2015},
  publisher={Springer}
}


@inproceedings{singla2008yes,
  title={Yes, there is a correlation:-from social networks to personal behavior on the web},
  author={Singla, Parag and Richardson, Matthew},
  booktitle={Proceedings of the 17th international conference on World Wide Web},
  pages={655--664},
  year={2008},
  organization={ACM}
}

@inproceedings{kauffmann2007measurement,
  title={Measurement-based self organization of interfering 802.11 wireless access networks},
  author={Kauffmann, Bruno and Baccelli, Fran{\c{c}}ois and Chaintreau, Augustin and Mhatre, Vivek and Papagiannaki, Konstantina and Diot, Christophe},
  booktitle={INFOCOM 2007. 26th IEEE International Conference on Computer Communications. IEEE},
  pages={1451--1459},
  year={2007},
  organization={IEEE}
}
@inproceedings{heckathorn2003jazz,
  title={Jazz networks: Using respondent-driven sampling to study stratification in two jazz musician communities},
  author={Heckathorn, Douglas D and Jeffri, Joan},
  booktitle={Unpublished paper presented at American Sociological Association Annual Meeting},
  year={2003}
}

@book{bremaud2013markov,
  title={Markov chains: Gibbs fields, Monte Carlo simulation, and queues},
  author={Br{\'e}maud, Pierre},
  volume={31},
  year={2013},
  publisher={Springer Science \& Business Media}
}



@misc{Senate,
  title = {Computer Science University of Maryland},
  howpublished = {\url{http://www.cs.umd.edu/hcil/science20}},
  note = {Accessed: 2015-08-07}
}

@misc{GEPHI,
  title = {Gephi - The Open Graph Viz Platform},
  howpublished = {\url{http://gephi.github.io/}},
}

@misc{Project90,
  title = {The Office of Population Research at Princeton University},
  howpublished = {\url{https://opr.princeton.edu/archive/p90/}},
  note = {Accessed: 2015-07-01}
}

@misc{Addhealth,
  title = {The National Longitudinal Study of Adolescent to Adult Health},
  howpublished = {\url{http://www.cpc.unc.edu/projects/addhealth}},
  note = {Accessed: 2015-07-01}
}

@misc{Facebook,
  title = {Stanford Large Network Dataset Collection},
  howpublished = {\url{https://snap.stanford.edu/data/}},
  note = {Accessed: 2015-07-01}
}

@misc{Addhealth2,
  title = {Linton C. Freeman, Research Professor, Department of Sociology and Institute for Mathematical Behavioral Sciences
School of Social Sciences, University of California, Irvine},
  howpublished = {\url{http://moreno.ss.uci.edu/data.html}},
  note = {Accessed: 2015-07-01}
}



